@book{SchwabCh1998pahf,
	series    = {Numerical mathematics and scientific computation},
	publisher = {Clarendon},
	isbn      = {9780198503903},
	year      = {1998},
	title     = {p- and hp- finite element methods : theory and applications in solid and fluid mechanics},
	language  = {eng},
	address   = {Oxford},
	author    = {Schwab, Ch},
	keywords  = {Solids -- Mathematics; Fluid dynamics -- Mathematics; Finite element method; Differential equations -- Numerical solutions}
}
